<record><leader>00000cas a2200000 a 4500</leader><controlfield tag="001">11898426</controlfield><controlfield tag="008">850409d18941902ksuwr ne      0   a0eng d</controlfield><datafield ind1=" " ind2=" " tag="010"><subfield code="a">sn 85031109 </subfield></datafield><datafield ind1=" " ind2=" " tag="040"><subfield code="a">KSH</subfield><subfield code="b">eng</subfield><subfield code="c">KSH</subfield><subfield code="d">NPT</subfield><subfield code="d">OCL</subfield><subfield code="d">OCLCQ</subfield></datafield><datafield ind1=" " ind2=" " tag="042"><subfield code="a">msc</subfield></datafield><datafield ind1="0" ind2=" " tag="130"><subfield code="a">Journal (Moundridge, Kan.)</subfield></datafield><datafield ind1="1" ind2="4" tag="245"><subfield code="a">The journal.</subfield></datafield><datafield ind1=" " ind2=" " tag="260"><subfield code="a">Moundridge, Kan. :</subfield><subfield code="b">J.J. Toevs,</subfield><subfield code="c">1894-1902.</subfield></datafield><datafield ind1=" " ind2=" " tag="300"><subfield code="a">16 v. :</subfield><subfield code="b">ill. ;</subfield><subfield code="c">38-55 cm.</subfield></datafield><datafield ind1=" " ind2=" " tag="310"><subfield code="a">Weekly</subfield></datafield><datafield ind1="0" ind2=" " tag="362"><subfield code="a">Vol. 1, no. 1 (June 30, 1894)-v. 16, no. 7 (Apr. 18, 1902).</subfield></datafield><datafield ind1=" " ind2=" " tag="500"><subfield code="a">Includes sections called: Mt. Hope mentor, May 1, 1896; Galva news, Dec. 6, 1895-</subfield></datafield><datafield ind1=" " ind2=" " tag="500"><subfield code="a">Publisher varies.</subfield></datafield><datafield ind1=" " ind2=" " tag="752"><subfield code="a">United States</subfield><subfield code="b">Kansas</subfield><subfield code="c">McPherson</subfield><subfield code="d">Moundridge.</subfield></datafield><datafield ind1="0" ind2="0" tag="780"><subfield code="t">Moundridge leader</subfield><subfield code="w">(DLC)sn 85031108</subfield></datafield><datafield ind1="0" ind2="0" tag="785"><subfield code="t">Moundridge journal</subfield><subfield code="w">(DLC)sn 85031110</subfield></datafield></record>